@book{latex,
  title     = {LaTeX : A Documentation Preparation System User's Guide and Reference Manual},
  publisher = {Addison-Wesley Professional},
  year      = {1994},
  author    = {Leslie Lamport}
}

@article{MLRise,
  author = {Naqvi, Al},
  year   = {2020},
  month  = {08},
  pages  = {51-67},
  title  = {Rise of Machine Learning},
  isbn   = {9781119601906},
  doi    = {10.1002/9781119601906.ch4}
}

@article{Rahal2024,
  author  = {Rahal, Charles
             and Verhagen, Mark
             and Kirk, David},
  title   = {The rise of machine learning in the academic social sciences},
  journal = {AI {\&} SOCIETY},
  year    = {2024},
  month   = {04},
  day     = {01},
  volume  = {39},
  number  = {2},
  pages   = {799-801},
  issn    = {1435-5655},
  doi     = {10.1007/s00146-022-01540-w},
  url     = {https://doi.org/10.1007/s00146-022-01540-w}
}

@online{MLHistory,
  title  = {Machine Learning History},
  author = {Andrea Jacinto},
  year   = {2022},
  url    = {https://www.startechup.com/blog/machine-learning-history/}
}


@inproceedings{Frank_Rosenblatt,
  author    = {Van Der Malsburg, C.},
  editor    = {Palm, G{\"u}nther
               and Aertsen, Ad},
  title     = {Frank Rosenblatt: Principles of Neurodynamics: Perceptrons and the Theory of Brain Mechanisms},
  booktitle = {Brain Theory},
  year      = {1986},
  publisher = {Springer Berlin Heidelberg},
  address   = {Berlin, Heidelberg},
  pages     = {245--248},
  abstract  = {Frank Rosenblatt's intention with his book, according to his own introduction, is not just to describe a machine, the perceptron, but rather to put forward a theory. He formulates a series of machines. Each machine serves to introduce a new concept.},
  isbn      = {978-3-642-70911-1}
}

@misc{Geoffrey_Hinton,
  author       = {Michael McDonough},
  howpublished = {\url{https://www.britannica.com/biography/Geoffrey-Hinton.}},
  note         = {Accessed: 2024-5-7}
}

@inproceedings{Data-Driven-Approach,
  author    = {Torkjazi, Mohammadreza and Raz, Ali K.},
  booktitle = {2023 IEEE International Systems Conference (SysCon)},
  title     = {Data-Driven Approach with Machine Learning to Reduce Subjectivity in Multi-Attribute Decision Making Methods},
  year      = {2023},
  volume    = {},
  number    = {},
  pages     = {1-8},
  keywords  = {Fluctuations;Data analysis;Costs;Decision making;Urban areas;Machine learning;Systems engineering and theory;Multi-Criteria Decision Making;Multi-Attribute Decision Making;Subjective Weights;Trade Study;Machine Learning (ML)},
  doi       = {10.1109/SysCon53073.2023.10131094}
}

@article{Data-Driven-Approach-2,
author = {Akram, Faheem and Abbas, Asad},
year = {2023},
month = {11},
pages = {},
title = {Data-driven Decisions: Exploring the Power of Machine Learning and Analytics}
}